@book{Marr2012,
  author="Marr, Stefan and D'Hondt, Theo",
  editor="Furia, Carlo A. and Nanz, Sebastian",
  title="Identifying a Unifying Mechanism for the Implementation of Concurrency Abstractions on Multi-language Virtual Machines",
  bookTitle="Objects, Models, Components, Patterns: 50th International Conference, TOOLS 2012, Prague, Czech Republic, May 29-31, 2012. Proceedings",
  year="2012",
  publisher="Springer Berlin Heidelberg",
  address="Berlin, Heidelberg",
  pages="171--186",
  isbn="978-3-642-30561-0",
  doi="10.1007/978-3-642-30561-0_13",
  url="http://dx.doi.org/10.1007/978-3-642-30561-0_13"
}
